<record><leader>00000cas a2200000 a 4500</leader><controlfield tag="001">9708004</controlfield><controlfield tag="008">830715d181u1833mduwr ne      0    0eng  </controlfield><datafield ind1=" " ind2=" " tag="010"><subfield code="a">sn 83016302 </subfield></datafield><datafield ind1=" " ind2=" " tag="040"><subfield code="a">DLC</subfield><subfield code="b">eng</subfield><subfield code="c">DLC</subfield><subfield code="d">NPX</subfield><subfield code="d">KNP</subfield><subfield code="d">MFN</subfield><subfield code="d">KNP</subfield><subfield code="d">NVK</subfield><subfield code="d">DLC</subfield><subfield code="d">OCL</subfield><subfield code="d">OCLCQ</subfield><subfield code="d">OCLCO</subfield><subfield code="d">OCLCQ</subfield><subfield code="d">OCLCF</subfield></datafield><datafield ind1="1" ind2=" " tag="029"><subfield code="a">AU@</subfield><subfield code="b">000026220703</subfield></datafield><datafield ind1=" " ind2=" " tag="042"><subfield code="a">msc</subfield></datafield><datafield ind1=" " ind2=" " tag="043"><subfield code="a">n-us-md</subfield></datafield><datafield ind1="0" ind2="0" tag="050"><subfield code="a">Newspaper</subfield></datafield><datafield ind1="0" ind2=" " tag="130"><subfield code="a">Torch light &amp; public advertiser (Hagerstown, Md. : 1817)</subfield></datafield><datafield ind1="1" ind2="4" tag="245"><subfield code="a">The torch light &amp; public advertiser.</subfield></datafield><datafield ind1="3" ind2="0" tag="246"><subfield code="a">Torch light and public advertiser</subfield></datafield><datafield ind1=" " ind2=" " tag="260"><subfield code="a">Hagers-Town, Md. :</subfield><subfield code="b">W.D. Bell</subfield></datafield><datafield ind1=" " ind2=" " tag="300"><subfield code="a">v.</subfield></datafield><datafield ind1=" " ind2=" " tag="310"><subfield code="a">Weekly</subfield></datafield><datafield ind1="0" ind2=" " tag="362"><subfield code="a">-v. 20, no. 5 (Nov. 21, 1833).</subfield></datafield><datafield ind1=" " ind2=" " tag="530"><subfield code="a">Available on microfilm from Bell &amp; Howell.</subfield></datafield><datafield ind1=" " ind2=" " tag="588"><subfield code="a">Description based on: Vol. 3, no. 11 (Jan. 21, 1817).</subfield></datafield><datafield ind1=" " ind2="0" tag="651"><subfield code="a">Hagerstown (Md.)</subfield><subfield code="v">Newspapers.</subfield></datafield><datafield ind1=" " ind2="7" tag="655"><subfield code="a">Newspapers.</subfield><subfield code="2">fast</subfield><subfield code="0">(OCoLC)fst01423814</subfield></datafield><datafield ind1=" " ind2="7" tag="651"><subfield code="a">Maryland</subfield><subfield code="z">Hagerstown.</subfield><subfield code="2">fast</subfield><subfield code="0">(OCoLC)fst01206554</subfield></datafield><datafield ind1=" " ind2=" " tag="752"><subfield code="a">United States</subfield><subfield code="b">Maryland</subfield><subfield code="c">Washington</subfield><subfield code="d">Hagerstown.</subfield></datafield><datafield ind1="0" ind2="5" tag="780"><subfield code="t">Maryland herald, and Hager's-Town weekly advertiser</subfield><subfield code="w">(DLC)sn 83016300</subfield></datafield><datafield ind1="0" ind2="0" tag="780"><subfield code="t">Torch light (Hagerstown, Md. : 1814)</subfield></datafield><datafield ind1="0" ind2="0" tag="785"><subfield code="t">Torch light (Hagerstown, Md. : 1833)</subfield><subfield code="w">(DLC)sn 89060187</subfield></datafield></record>